@article{miller_hepburn_azrael_2017,
title={Firearm Acquisition Without Background Checks},
volume={166},
DOI={10.7326/m16-1590},
number={4},
journal={Annals of Internal Medicine},
author={Miller, Matthew and Hepburn, Lisa and Azrael, Deborah},
year={2017},
pages={233}
}